<record><leader>00000cas a2200000 a 4500</leader><controlfield tag="001">36911720</controlfield><controlfield tag="008">970515d19971998mauwn n       0   a0eng c</controlfield><datafield ind1=" " ind2=" " tag="010"><subfield code="a">sn 97000695 </subfield></datafield><datafield ind1=" " ind2=" " tag="040"><subfield code="a">MAS</subfield><subfield code="b">eng</subfield><subfield code="c">MAS</subfield><subfield code="d">NSD</subfield><subfield code="d">EBZ</subfield><subfield code="d">OCLCQ</subfield><subfield code="d">OCL</subfield><subfield code="d">OCLCQ</subfield><subfield code="d">OCLCF</subfield><subfield code="d">OCLCO</subfield><subfield code="d">OCL</subfield></datafield><datafield ind1=" " ind2=" " tag="012"><subfield code="l">1</subfield></datafield><datafield ind1="0" ind2=" " tag="022"><subfield code="a">1094-7523</subfield><subfield code="l">1094-7523</subfield><subfield code="2">1</subfield></datafield><datafield ind1=" " ind2=" " tag="037"><subfield code="b">Vandenburgh Pub. Co., 127 Tremont St., Boston, MA 02108</subfield><subfield code="c">$249.00</subfield></datafield><datafield ind1=" " ind2=" " tag="042"><subfield code="a">nsdp</subfield><subfield code="a">pcc</subfield></datafield><datafield ind1=" " ind2=" " tag="043"><subfield code="a">n-us-ma</subfield></datafield><datafield ind1="1" ind2="0" tag="082"><subfield code="a">352</subfield><subfield code="2">12</subfield></datafield><datafield ind1="0" ind2=" " tag="210"><subfield code="a">Beacon Hill</subfield></datafield><datafield ind1=" " ind2="0" tag="222"><subfield code="a">Beacon Hill</subfield></datafield><datafield ind1="0" ind2="0" tag="245"><subfield code="a">Beacon Hill :</subfield><subfield code="b">the newspaper of Massachusetts government.</subfield></datafield><datafield ind1=" " ind2=" " tag="260"><subfield code="a">Boston, Mass. :</subfield><subfield code="b">Vandenburgh Pub.,</subfield><subfield code="c">1997-</subfield></datafield><datafield ind1=" " ind2=" " tag="300"><subfield code="a">v. :</subfield><subfield code="b">ill. ;</subfield><subfield code="c">43 cm.</subfield></datafield><datafield ind1=" " ind2=" " tag="310"><subfield code="a">Weekly (except Dec. 22 and Dec. 29)</subfield></datafield><datafield ind1="0" ind2=" " tag="362"><subfield code="a">Vol. 1, no. 1 (May 5, 1997)-</subfield></datafield><datafield ind1="1" ind2=" " tag="362"><subfield code="a">Ceased with v. 2, no. 6 published in Mar. 1998.</subfield></datafield><datafield ind1=" " ind2=" " tag="500"><subfield code="a">Title from caption.</subfield></datafield><datafield ind1=" " ind2=" " tag="530"><subfield code="a">Also issued online.</subfield></datafield><datafield ind1=" " ind2=" " tag="588"><subfield code="a">Latest issue consulted: Vol. 1, no. 2 (May 12, 1997).</subfield></datafield><datafield ind1="2" ind2="0" tag="610"><subfield code="a">Massachusetts State House (Boston, Mass.)</subfield></datafield><datafield ind1=" " ind2="0" tag="651"><subfield code="a">Massachusetts</subfield><subfield code="x">Politics and government</subfield><subfield code="v">Periodicals.</subfield></datafield><datafield ind1="2" ind2="7" tag="610"><subfield code="a">Massachusetts State House (Boston, Mass.)</subfield><subfield code="2">fast</subfield><subfield code="0">(OCoLC)fst00642837</subfield></datafield><datafield ind1=" " ind2="7" tag="650"><subfield code="a">Politics and government</subfield><subfield code="2">fast</subfield><subfield code="0">(OCoLC)fst01919741</subfield></datafield><datafield ind1=" " ind2="7" tag="651"><subfield code="a">Massachusetts.</subfield><subfield code="2">fast</subfield><subfield code="0">(OCoLC)fst01204307</subfield></datafield><datafield ind1=" " ind2="7" tag="655"><subfield code="a">Periodicals.</subfield><subfield code="2">fast</subfield><subfield code="0">(OCoLC)fst01411641</subfield></datafield><datafield ind1="4" ind2=" " tag="856"><subfield code="u">http://www.beaconhill-online.com</subfield></datafield><datafield ind1="1" ind2=" " tag="029"><subfield code="a">AU@</subfield><subfield code="b">000013408288</subfield></datafield></record>